@book {lips,
    AUTHOR = {Svensson, Tomas and Krysander, Christian},
     TITLE = {Projektmodellen LIPS},
    SERIES = {},
   EDITION = {1.2},
      NOTE = {},
 PUBLISHER = {Bokakademin},
   ADDRESS = {},
      YEAR = {2004},
      MONTH= {December},
      DAY  = {09},
     PAGES = {},
      ISBN = {},
   MRCLASS = {},
  MRNUMBER = {},
MRREVIEWER = {},
}
