@article{weiss11monocular,
    author = "Weiss, S and Scaramuzza, D and Siegwart, R",
    journal = "Journal of Field Robotics",
    number = "6",
    pages = "854--874",
    title = "{Monocular-SLAM based navigation for autonomous micro helicopters in GPS-denied environments}",
    volume = "28",
    year = "2011"
}

@inproceedings{klein07parallel,
    address = "Nara, Japan",
    author = "Klein, Georg and Murray, David",
    booktitle = "{Proc. Sixth {IEEE} and {ACM} International Symposium on Mixed and Augmented Reality {(ISMAR'07)}}",
    month = "November",
    title = "{Parallel Tracking and Mapping for Small {AR} Workspaces}",
    year = 2007
}
