@ARTICLE{weiss11monocular,
   Author = {S Weiss and D Scaramuzza and R Siegwart},
   Title = {Monocular-SLAM–based navigation for autonomous micro helicopters in GPS-denied environments},
   Journal = {Journal of Field Robotics},
   Volume = {28},
   Number = {6},
   Year = {2011},
   Pages = {854-874}
}

@conference{brockers:803111,
author = {Roland Brockers and Patrick Bouffard and Jeremy Ma and Larry Matthies and Claire Tomlin},
editor = {Thomas George and M. Saif Islam and Achyut K. Dutta},
collaboration = {},
title = {Autonomous landing and ingress of micro-air-vehicles in urban environments based on monocular vision},
publisher = {SPIE},
year = {2011},
journal = {Micro- and Nanotechnology Sensors, Systems, and Applications III},
volume = {8031},
number = {1},
eid = {803111},
numpages = {12},
pages = {803111},
location = {Orlando, Florida, USA},
url = {http://link.aip.org/link/?PSI/8031/803111/1},
doi = {10.1117/12.884449}
}

@inproceedings{DBLP:conf/icra/BloschWSS10,
  author    = {Michael Bl{\"o}sch and
               Stephan Weiss and
               Davide Scaramuzza and
               Roland Siegwart},
  title     = {Vision based MAV navigation in unknown and unstructured
               environments},
  booktitle = {ICRA},
  year      = {2010},
  pages     = {21-28},
  ee        = {http://dx.doi.org/10.1109/ROBOT.2010.5509920},
  crossref  = {DBLP:conf/icra/2010},
  bibsource = {DBLP, http://dblp.uni-trier.de}
}
@proceedings{DBLP:conf/icra/2010,
  title     = {IEEE International Conference on Robotics and Automation,
               ICRA 2010, Anchorage, Alaska, USA, 3-7 May 2010},
  booktitle = {ICRA},
  publisher = {IEEE},
  year      = {2010},
  bibsource = {DBLP, http://dblp.uni-trier.de}
}

@INPROCEEDINGS { DM:MS:10,
    TITLE = { Control of Quadrotors for Robust Perching and Landing },
    BOOKTITLE = { Proceedings of the International Powered Lift Conference },
    AUTHOR = { D. Mellinger and M. Shomin and V. Kumar},
    MONTH = { Oct },
    YEAR = { 2010},
}

@INPROCEEDINGS{Karlsson05thevslam,
    author = {Niklas Karlsson and Enrico Di Bernardo and Jim Ostrowski and Luis Goncalves and Paolo Pirjanian and Mario E. Munich},
    title = {The vSLAM algorithm for robust localization and mapping},
    booktitle = {In Proc. of Int. Conf. on Robotics and Automation (ICRA},
    year = {2005},
    pages = {24--29}
}
@inproceedings{Montemerlo+al:AAAI02,
  title = {FastSLAM: A Factored Solution to the Simultaneous Localization and Mapping
   Problem},
  author = {M. Montemerlo and S. Thrun and D. Koller and B. Wegbreit},
  booktitle = {Proceedings of the 18th National Conference on Artificial Intelligence (AAAI)}, 
  month = {July},
  year = 2002, 
  pages = {593--598},
}
@phdthesis{Montemerlo_2003_4434,
   author = "Michael Montemerlo",
   title = "FastSLAM: A Factored Solution to the Simultaneous Localization and Mapping Problem with Unknown Data Association",
   booktitle = "",
   school = "Robotics Institute, Carnegie Mellon University",
   month = "July",
   year = "2003",
   number= "CMU-RI-TR-03-28",
   address= "Pittsburgh, PA",
}

@INPROCEEDINGS{vandermerwe:upf,
AUTHOR = "Rudolph van der Merwe and Arnaud Doucet and Nando de Freitas and Eric A. Wan",
TITLE = "The Unscented Particle Filter.",
booktitle = "NIPS'00",
PAGES = {584-590},
YEAR = {2000}  }

@INPROCEEDINGS{Julier97anew,
    author = {Simon J. Julier and Jeffrey K. Uhlmann},
    title = {A New Extension of the Kalman Filter to Nonlinear Systems},
    booktitle = {},
    year = {1997},
    pages = {182--193}
}
@INPROCEEDINGS{Julier95anewapproach,
    author = {Julier, Simon J | Uhlmann, Jeffrey K | Durrant-Whyte, Hugh F},
    title = {A new approach for filtering nonlinear systems },
    booktitle = {1995 American Control Conference, 14th, Seattle, WA; UNITED STATES; 21-23 June 1995},
    year = {1995},
    pages = {1628--1632}
}

@MISC{Merwe04sigma-pointkalman,
    author = {Rudolph Van Der Merwe and Eric Wan},
    title = {Sigma-Point Kalman Filters For Integrated Navigation},
    year = {2004}
}

@article{DBLP:journals/ras/Ude99,
  author    = {Ales Ude},
  title     = {Filtering in a unit quaternion space for model-based object
               tracking},
  journal   = {Robotics and Autonomous Systems},
  volume    = {28},
  number    = {2-3},
  year      = {1999},
  pages     = {163-172},
  ee        = {http://dx.doi.org/10.1016/S0921-8890(99)00014-7},
  bibsource = {DBLP, http://dblp.uni-trier.de}
}

@misc{rosvslam,
  AUTHOR    = {Helen Oleynikova},
  KEY       = {rosvslam},
  TITLE     = {{ROS vSLAM}},
  HOWPUBLISHED = {},
  INSTITUTION  = {},
  DAY       = 02,
  MONTH     = {September},
  YEAR      = 2011,
  NOTE      = {[online] \url{http://www.ros.org/wiki/vslam}},
  URL       = {http://www.ros.org/wiki/vslam}
}

@misc{bayesclasses,
  AUTHOR    = {Michael Stevens},
  KEY       = {bayesclasses},
  TITLE     = {{Bayesclasses}},
  HOWPUBLISHED = {},
  INSTITUTION  = {},
  DAY       = 16,
  MONTH     = {August},
  YEAR      = 2010,
  NOTE      = {[online] \url{http://bayesclasses.sourceforge.net}},
  URL       = {http://bayesclasses.sourceforge.net}
}

@misc{sba,
  AUTHOR    = {Manolis Lourakis},
  KEY       = {sba},
  TITLE     = {{SBA}},
  HOWPUBLISHED = {},
  INSTITUTION  = {},
  DAY       = 16,
  MONTH     = {August},
  YEAR      = 2010,
  NOTE      = {[online] \url{http://www.ics.forth.gr/~lourakis/sba/}},
  URL       = {http://www.ics.forth.gr/~lourakis/sba/}
}
@article{lour09,
    author="M.I. A. Lourakis and A.A. Argyros",
    title="{SBA: A Software Package for Generic Sparse Bundle Adjustment}",
    journal="ACM Trans. Math. Software",
    volume="36",
    number="1",
    year="2009",
    pages="1-30",
    publisher="ACM",
    address="New York, NY, USA",
    doi="http://doi.acm.org/10.1145/1486525.1486527"
}

@inproceedings{DBLP:conf/icra/StrasdatMD10,
  author    = {Hauke Strasdat and
               J. M. M. Montiel and
               Andrew J. Davison},
  title     = {Real-time monocular SLAM: Why filter?},
  booktitle = {ICRA},
  year      = {2010},
  pages     = {2657-2664},
  ee        = {http://dx.doi.org/10.1109/ROBOT.2010.5509636},
  crossref  = {DBLP:conf/icra/2010},
  bibsource = {DBLP, http://dblp.uni-trier.de}
}
@proceedings{DBLP:conf/icra/2010,
  title     = {IEEE International Conference on Robotics and Automation,
               ICRA 2010, Anchorage, Alaska, USA, 3-7 May 2010},
  booktitle = {ICRA},
  publisher = {IEEE},
  year      = {2010},
  bibsource = {DBLP, http://dblp.uni-trier.de}
}
@InProceedings{klein07parallel,
  author =	 {Georg Klein and David Murray},
  title =	 {Parallel Tracking and Mapping for Small {AR} Workspaces},
  booktitle =	 {Proc. Sixth {IEEE} and {ACM} International Symposium
                  on Mixed and Augmented Reality {(ISMAR'07)}},
  year =	 2007,
  month =	 {November},
  address =	 {Nara, Japan}
}
@article{Davison:2007:MRS:1263144.1263479,
 author = {Davison, Andrew J. and Reid, Ian D. and Molton, Nicholas D. and Stasse, Olivier},
 title = {MonoSLAM: Real-Time Single Camera SLAM},
 journal = {IEEE Trans. Pattern Anal. Mach. Intell.},
 volume = {29},
 issue = {6},
 month = {June},
 year = {2007},
 issn = {0162-8828},
 pages = {1052--1067},
 numpages = {16},
 url = {http://dx.doi.org/10.1109/TPAMI.2007.1049},
 doi = {http://dx.doi.org/10.1109/TPAMI.2007.1049},
 acmid = {1263479},
 publisher = {IEEE Computer Society},
 address = {Washington, DC, USA},
 keywords = {Autonomous vehicles, 3D/stereo scene analysis, tracking.},
} 

@misc{Barac11,
author = {Barac, Daniel},
institution = {Linköping University, Automatic Control, UASTECH - Autonomous Unmanned Aircraft Systems Technologies},
pages = {54},
title = {Localization algorithms for indoor UAVs},
year = {2011}
}